% This file was created with JabRef 2.3.1.
% Encoding: UTF8

@STRING{URL = {}}

@CONFERENCE{teampace,
  author = {Graham Brooks},
  title = {Team Pace – Keeping Build Times Down},
  booktitle = {Agile 2008 Conference},
  year = {2008},
  owner = {Administrator},
  timestamp = {2011.05.17}
}

@CONFERENCE{crossplatformcipatterns,
  author = {Chin-Yun Hsieh and Yu Chin Cheng and Chien-Tsun Chen},
  title = {Emerging Patterns of Continuous Integration for Cross-Platform Software Development},
  booktitle = {AsianPLoP},
  year = {2011},
  owner = {Administrator},
  timestamp = {2011.05.17}
}
%\bibitem{crossplatformcipatterns}Chin-Yun Hsieh, Yu Chin Cheng, Chien-Tsun Chen., 2011. \textit{Emerging Patterns of Continuous Integration for Cross-Platform Software Development.} AsiaPLoP 2011.

@ARTICLE{nosilverbullet,
  author = {Frederick P. Brooks},
  title = {No Silver Bullet — Essence and Accidents of Software Engineering},
  journal = {IEEE Computer},
  year = {1987},
  pages = {10$\sim$19},
  owner = {Administrator},
  timestamp = {2011.05.17}
}

@ARTICLE{crossplatformpotingdiff,
  author = {Judith Bishop and Nigel Horspool},
  title = {Cross-Platform Development: Software that Lasts},
  year = {2006},
  journal = {IEEE Computer},
  owner = {Administrator},
  timestamp = {2011.05.17}
}
%\bibitem{crossplatformpotingdiff}Judith Bishop, Nigel Horspool., 2006. \textit{Cross-Platform Development: Software that Lasts.}, IEEE Computer, Oct 2006, p.26.

@ARTICLE{netscapecrossplatform,
  author = {Michael A. Cusumano and David B. Yoffie},
  title = {What Netscape Leared From Cross-Platform Software Development},
  year = {1999},
  journal = {p.72, Vol. 42, No.10, Communication of the ACM},
  owner = {Administrator},
  timestamp = {2011.05.17}
}
%\bibitem{netscapecrossplatform}Michael A. Cusumano, David B. Yoffie,. 1999/Vol. 42, No.10, Communication of the ACM. \textit{What Netscape Leared From Cross-Platform Software Development.}, p.72.

@BOOK{gofdesignpattern,
  title = {Design Patterns: Elements of Reusable Object-Oriented Software},
  year = {1994},
  publisher = {Addison-Wesley Professional},
  author = {Erich Gamma and Richard Helm and Ralph Jackson and John M. Vlissides},
  owner = {Administrator},
  timestamp = {2011.05.17}
}
%\bibitem{gofdesignpattern}Erich Gamma, Richard Helm, Ralph Jackson, John M. Vlissides, 1994. \textit{Design Patterns: Elements of Reusable Object-Oriented Software}

@BOOK{slogan,
  title = {Cross-Platform Development in C++ Building Mac OS X, Linux, and Windows Applications},
  year = {2007},
  publisher = {Addison-Wesley Professional},
  author = {Syd Logan},
  owner = {Administrator},
  timestamp = {2011.05.17}
}
%\bibitem{slogan}Syd Logan, 2007, \textit{Cross-Platform Development in C++ Building Mac OS X, Linux, and Windows Applications.}



@BOOK{rapiddevelopment,
  title = {Rapid Development:Taming Wild Software Schedules},
  publisher = {Microsoft Press},
  year = {1996},
  author = {Steve McConnell},
  owner = {Administrator},
  timestamp = {2011.05.17}
}
%\bibitem{rapiddevelopment}Steve McConnell, 1996. \textit{Rapid Development: Taming Wild Software Schedules.}

@BOOK{continuousintegration2007,
  title = {Continuous Integration: Improving Software Quality and Reducing Risk},
  publisher = {Addison-Wesley Professional},
  year = {2007},
  author = {Paul M. Duvall and Steve Matyas and Andrew Glover},
  owner = {Administrator},
  timestamp = {2011.05.17}
}
%\bibitem{continuousintegration2007}Paul M. Duvall, Steve Matyas, Andrew Glover, 2007. \textit{Continuous Integration: Improving Software Quality and Reducing Risk.}

@BOOK{apatternlanguage,
  title = {A Pattern Language: Towns, Buildings, Construction},
  publisher = {Oxford University Press},
  year = {1977},
  author = {Christopher Alexander and Sara Ishikawa and Murray Silverstein},
  owner = {Administrator},
  timestamp = {2011.05.17}
}
%\bibitem{apatternlanguage}Christopher Alexander, Sara Ishikawa, Murray Silverstein, 1977.  \textit{A Pattern Language.}

@BOOK{thetimelesswayofbuilding,
  title = {The Timeless Way Of Building},
  publisher = {Oxford University Press},
  year = {1979},
  author = {Christopher Alexander},
  owner = {Administrator},
  timestamp = {2011.05.17}
}
%\bibitem{thetimelesswayofbuilding}Christopher Alexander, 1979.  \textit{The Timeless Way Of Building.}

@BOOK{satextbook,
  title = {Software Architecture in Practice},
  publisher = {Addison-Wesley Professional},
  year = {2003},
  author = {Len Bass and Paul Clements and Rick Kazman},
  owner = {Administrator},
  timestamp = {2011.05.17}
}
%\bibitem{satextbook}Len Bass, Paul Clements, Rick Kazman, 2003, \textit{Software Architecture in Practice.}

@INBOOK{continuousdelivery,
  title = {Continuous Delivery: Reliable Software Releases through Build, Test, and Deployment Automation},
  year = {2010},
  publisher = {Addison-Wesley Professional},
  chapter = {3. Continuous Integration},
  pages = {67},
  author = {Jaz Humble and David Farley},
  owner = {Administrator},
  timestamp = {2011.05.17}
}
%\bibitem{continuousdelivery}Jaz Humble, David Farley, 2010. \textit{Continuous Delivery: Reliable Software Releases through Build, Test, and Deployment Automation.}

@INBOOK{joelonsoftware,
  title = {Joel on Software: And on Diverse and Occasionally Related Matters That Will Prove of Interest to Software Developers, Designers, and Managers, and to Those Who, Whether by Good Fortune or Ill Luck, Work with Them in Some Capacity},
  year = {2004},
  publisher = {Apress},
  chapter = {Daily Builds Are Your Good Friend},
  author = {Joel Spolsky},
  owner = {Administrator},
  timestamp = {2011.05.17}
}
%\bibitem{joelonsoftware}Joel Spolsky, 2004, \textit{Joel on Software: And on Diverse and Occasionally Related Matters That Will Prove of Interest to Software Developers, Designers, and Managers, and to Those Who, Whether by Good Fortune or Ill Luck, Work with Them in Some Capacity}

@INBOOK{scmpatterntasklevelcommit,
  title = {Software Configuration Management Patterns: Effective Teamwork, Practical Integration},
  year = {2003},
  publisher = {Apress},
  author = {Stephen P. Berczuk and Brad Appleton},
  owner = {Administrator},
  timestamp = {2011.05.17},
  pages = {111},
  chapter = {11. Task Level Commit}
}
%\bibitem{scmpatterntasklevelcommit}Stephen P. Berczuk, Brad Appleton, 2003, \textit{Software Configuration Management Patterns: Effective Teamwork, Practical Integration.}, p.111

@INBOOK{swtbook,
title = {SWT: The Standard Widget Toolkit, Volume 1},
  year = {2004},
  publisher = {Addison-Wesley Professional},
  author = {Steve Northover and Mike Wilson},
  owner = {Administrator},
  timestamp = {2011.05.17},
  pages = {xxxi},
  chapter = {Preface}
}

@INBOOK{xpagilemethods,
title = {Extreme Programming Explained: Embrace Change},
  year = {1999},
  publisher = {Addison-Wesley Professional},
  author = {Kent Beck},
  owner = {Administrator},
  timestamp = {2011.05.17},
  pages = {49},
  chapter = {7. Primary Practices}
}

@BOOK{codecomplete,
  title = {Code Complete: A Practical Handbook of Software Construction},
  publisher = {Microsoft Press},
  year = {2004},
  author = {Steve McConnell},
  owner = {Administrator},
  timestamp = {2011.05.17}
}
%\bibitem{codecomplete}Steve McConnell, 2004. \textit{Code Complete: A Practical Handbook of Software Construction.}

@MANUAL{portlandcipatterns,
  title = {The Patterns about Continuous Integration that Portland Pattern Repository web site collected.  [online]},
  address = {Available:\url{http://www.c2.com/cgi/wiki?ContinuousIntegrationPatterns}},
  key = {portland continuous integration pattern},
  owner = {Administrator},
  timestamp = {2011.05.17}
}
%\bibitem{portlandcipatterns}Portland Pattern Repository Continuous Integration Patterns. \url{http://www.c2.com/cgi/wiki?ContinuousIntegrationPatterns}

@MANUAL{martinfowlerci,
  title = {Martin Fowler's articel about Continuous Integation  [online]},
  address = {Available:\url{http://martinfowler.com/articles/originalContinuousIntegration.html}},
  url = {\url{http://martinfowler.com/articles/originalContinuousIntegration.html}},
  key = {Martin Fowler's article about Continuous Integration},
  owner = {Administrator},
  timestamp = {2011.05.17}
}
%\bibitem{martinfowlerci}Martin Fowler's articel about Continuous Integation. \url{http://martinfowler.com/articles/originalContinuousIntegration.html}

@MANUAL{chromiumproject,
  title = {Chromium Project Web site  [online]},
  address = {Available:\url{http://www.chromium.org}},
  url = {\url{http://www.chromium.org}},
  key = {Chromium Project web site},
  owner = {Administrator},
  timestamp = {2011.05.17}
}
%\bibitem{chromiumproject}Chromium Project Web site \url{http://www.chromium.org}

@MANUAL{swtproject,
  title = {SWT Project Web site  [online]},
  address = {Available:\url{http://www.eclipse.org/swt/}},
  url = {\url{http://www.eclipse.org/swt/}},
  key = {SWT Project web site},
  owner = {Administrator},
  timestamp = {2011.05.17}
}
%\bibitem{swtproject}SWT Project Web site \url{http://www.eclipse.org/swt/}

@MANUAL{jvm,
  title = {Wikipedia's article about Java Virtual Machine  [online]},
  address = {Available:\url{http://en.wikipedia.org/wiki/Java_Virtual_Machine}},
  url = {\url{http://en.wikipedia.org/wiki/Java_Virtual_Machine}},
  key = {JVM},
  owner = {Administrator},
  timestamp = {2011.05.17}
}
%\bibitem{jvm}Java Virtual Machine. \url{http://en.wikipedia.org/wiki/Java_Virtual_Machine}

@MANUAL{jni,
  title = {Wikipedia's article about Java Native Interface  [online]},
  address = {Available:\url{http://en.wikipedia.org/wiki/Java_Native_Interface}},
  url = {\url{http://en.wikipedia.org/wiki/Java_Native_Interface}},
  key = {JNI},
  owner = {Administrator},
  timestamp = {2011.05.17}
}
%\bibitem{jni}Java Native Interface. \url{http://en.wikipedia.org/wiki/Java_Native_Interface}

@MANUAL{chromiummvc,
  title = {Chromium Project's article about their Model-View-Controller Architecture  [online]},
  address = {Available:\url{http://www.chromium.org/Web-page-views}},
  url = {\url{http://www.chromium.org/Web-page-views}},
  key = {Chromium Project's article about their Model-View-Controller Architecture},
  owner = {Administrator},
  timestamp = {2011.05.17}
}
%\bibitem{chromiummvc}Chromium's design applied Model-View-Control Architecture. \url{http://www.chromium.org/Web-page-views}

@MANUAL{modelviewcontroller,
  title = {Wikipedia's article about Model-View-Controller pattern  [online]},
  address = {Available:\url{http://en.wikipedia.org/wiki/Model-view-controller}},
  url = {\url{http://en.wikipedia.org/wiki/Model-view-controller}},
  key = {Wikipedia's article about Model-View-Controller pattern},
  owner = {Administrator},
  timestamp = {2011.05.17}
}
%\bibitem{modelviewcontroller}Model-View-Controller Introduction. \url{http://en.wikipedia.org/wiki/Model-view-controller}

@MANUAL{xcode,
  title = {Wikipedia's article about Xcode Integrated Development Environment  [online] },
  address = {Available:\url{http://en.wikipedia.org/wiki/Xcode}},
  url = {\url{http://en.wikipedia.org/wiki/Xcode}},
  key = {Xcode},
  owner = {Administrator},
  timestamp = {2011.05.17}
}
%\bibitem{xcode}Xcode Integrated Development Environment. \url{http://en.wikipedia.org/wiki/Xcode} 

@MANUAL{jna,
  title = {Wikipedia's article About Java Native Access  [online]},
  address = {Available:\url{http://en.wikipedia.org/wiki/Java_Native_Access}},
  url = {\url{http://en.wikipedia.org/wiki/Java_Native_Access}},
  key = {JNA},
  owner = {Administrator},
  timestamp = {2011.05.17}
}
%\bibitem{jna}Java Native Access. \url{http://en.wikipedia.org/wiki/Java_Native_Access}

@MANUAL{chromiumcontributingcode,
  title = {Chromium Project Developer Contributing code process Guidelines  [online]},
  address = {Available:\url{http://www.chromium.org/developers/contributing-code}},
  url = {\url{http://www.chromium.org/developers/contributing-code}},
  key = {Developer in Chromium Project has contributing code process guidelines},
  owner = {Administrator},
  timestamp = {2011.05.17}
}
%\bibitem{chromiumcontributingcode}Developer in Chromium Project has contributing code process guidelines. \url{http://www.chromium.org/developers/contributing-code}



@MANUAL{cimetrix,
  title = {Continuous Integration Server Software Comparation  [online]},
  address = {Available:\url{http://confluence.public.thoughtworks.org/display/CC/CI+Feature+Matrix}},
  url = {\url{http://confluence.public.thoughtworks.org/display/CC/CI+Feature+Matrix}},
  key = {Continuous Integration Server Software Comparation},
  owner = {Administrator},
  timestamp = {2011.05.17}
}
%\bibitem{cimetrix}Continuous Integration Server Software Comparation.\url{http://confluence.public.thoughtworks.org/display/CC/CI+Feature+Matrix}

@MANUAL{buildbotconsoleview,
  title = {Chromium Project offers Buildbot console view  [online]},
  address = {Available:\url{http://build.chromium.org/p/chromium/console}},
  url = {\url{http://build.chromium.org/p/chromium/console}},
  key = {Buildbot console view on Chromium Project},
  owner = {Administrator},
  timestamp = {2011.05.17}
}
%\bibitem{buildbotconsoleview}Buildbot console view on Chromium Project. \url{http://build.chromium.org/p/chromium/console}

@MANUAL{buildbotwaterfallview,
  title = {Chromium Project offers Buildbot waterfall view  [online]},
  address = {Available:\url{http://dev.chromium.org/developers/testing/chromium-build-infrastructure/tour-of-the-chromium-buildbot}},
  url = {\url{http://dev.chromium.org/developers/testing/chromium-build-infrastructure/tour-of-the-chromium-buildbot}},
  key = {Buildbot waterfall view on Chromium Project},
  owner = {Administrator},
  timestamp = {2011.05.17}
}
%\bibitem{buildbotwaterfallview}Buildbot waterwall view on Chromium Project.  \url{http://dev.chromium.org/developers/testing/chromium-build-infrastructure/tour-of-the-chromium-buildbot}

@MANUAL{scm,
  title = {Wikipedia's article about Software Configuration Management  [online]},
  address = {Available:\url{http://en.wikipedia.org/wiki/Software_configuration_management}},
  url = {\url{http://en.wikipedia.org/wiki/Software_configuration_management}},
  key = {Wikipedia's article},
  owner = {Administrator},
  timestamp = {2011.05.17}
}
%\bibitem{scm}Software Configuration Management \url{http://en.wikipedia.org/wiki/Software_configuration_management}

@MANUAL{gyp,
  title = {The Gyp, the tool that generate your project,  project site  [online]},
  address = {Available:\url{http://code.google.com/p/gyp/}},
  url = {\url{http://code.google.com/p/gyp/}},
  key = {The Gyp project web site},
  owner = {Administrator},
  timestamp = {2011.05.17}
}
%\bibitem{gyp}Gyp, The tool that generate your project. \url{http://code.google.com/p/gyp/}

@MANUAL{orb,
  title = {Kohsuke Kawaguchi talks about his experience to build a metaphor for Continuous Integration status of Project Hudson  [online]},
  address = {Available:\url{http://weblogs.java.net/blog/kohsuke/archive/2006/11/diyorb_my_own_e.html}},
  url = {\url{http://weblogs.java.net/blog/kohsuke/archive/2006/11/diyorb_my_own_e.html}},
  key = {The blog of the main developer of Hudson Project},
  owner = {Administrator},
  timestamp = {2011.05.17}
}
%\bibitem{orb}The blog of Kohsuke Kawaguchi that talks about his experience to build a metaphor for Continuous Integration status of Project Hudson. \url{http://weblogs.java.net/blog/kohsuke/archive/2006/11/diyorb_my_own_e.html}

@MANUAL{eclipse,
  title = {The Eclipse  project web site [online]},
  address = {Available:\url{http://www.eclipse.org/}},
  url = {\url{http://www.eclipse.org/}},
  key = {The Eclipse project web site},
  owner = {Administrator},
  timestamp = {2011.05.17}
}

@MANUAL{ant,
  title = {The Apache Ant  project web site [online]},
  address = {Available:\url{http://ant.apache.org/}},
  url = {\url{http://ant.apache.org/}},
  key = {The Apache Ant project web site},
  owner = {Administrator},
  timestamp = {2011.05.17}
}

@MANUAL{osmarketshare,
  title = {Net Application Operation System Market Share Report, April 2011. [online]},
  address = {Available:\url{http://marketshare.hitslink.com/operating-system-market-share.aspx?spider=1&qprid=8&qpcal=1&qpstick=1&qpcal=1&qptimeframe=M&qpsp=147}},
  url = {\url{http://marketshare.hitslink.com/operating-system-market-share.aspx?spider=1&qprid=8&qpcal=1&qpstick=1&qpcal=1&qptimeframe=M&qpsp=147}},
  key = {Net Application Operation Market Share Report, April 2011.},
  owner = {Administrator},
  timestamp = {2011.05.17}
}

@MANUAL{browsermarketshare,
  title = {Net Application Web Browser Market Share Report, April 2011. [online]},
  address = {Available:\url{http://marketshare.hitslink.com/browser-market-share.aspx?spider=1&qprid=0&qpcal=1&qpstick=1&qpcal=1&qptimeframe=M&qpsp=147}},
  url = {\url{http://marketshare.hitslink.com/browser-market-share.aspx?spider=1&qprid=0&qpcal=1&qpstick=1&qpcal=1&qptimeframe=M&qpsp=147}},
  key = {Net Application Operation Market Share Report, April 2011.},
  owner = {Administrator},
  timestamp = {2011.05.17}
}
%chromemarketshare

@MANUAL{problemdomain,
  title = {Wikipedia's article About Problem Domain [online]},
  address = {Available:\url{http://en.wikipedia.org/wiki/Problem_domain}},
  url = {\url{http://en.wikipedia.org/wiki/Problem_domain}},
  key = {Problem Domain},
  owner = {Administrator},
  timestamp = {2011.05.17}
}

@MANUAL{applicationdomain,
  title = {Wikipedia's article About Application Domain [online]},
  address = {Available:\url{http://en.wikipedia.org/wiki/Application_domain}},
  url = {\url{http://en.wikipedia.org/wiki/Application_domain}},
  key = {Application Domain},
  owner = {Administrator},
  timestamp = {2011.05.17}
}

@MANUAL{xp,
  title = {Extrme Programming web site [online]},
  address = {Available:\url{http://www.extremeprogramming.org/index.html}},
  url = {\url{http://www.extremeprogramming.org/index.html}},
  key = {Extreme Programming},
  owner = {Administrator},
  timestamp = {2011.05.17}
}

@MANUAL{cruisecontrolpublisher,
  title = {The Manual of CruiseControl Continuous Integration System - Publisher part [online]},
  address = {Available:\url{http://cruisecontrol.sourceforge.net/main/configxml.html#publishers}},
  url = {\url{http://cruisecontrol.sourceforge.net/main/configxml.html#publishers}},
  key = {The Manual of CruiseControl Continuous Integration System-Publisher part},
  owner = {Administrator},
  timestamp = {2011.05.17}
}

@MANUAL{jenkinsci,
  title = {Jenkins Continuous Integration Server web site [online]},
  address = {Available:\url{http://jenkins-ci.org/}},
  url = {\url{http://jenkins-ci.org/}},
  key = {Jenkins Project},
  owner = {Administrator},
  timestamp = {2011.05.17}
}

@MANUAL{netscape1990marketshare,
  title = {The market share data about Netscape provied by Wikipedia [online]},
  address = {Available:\url{http://en.wikipedia.org/wiki/File:Browser_Wars.svg}},
  url = {\url{http://en.wikipedia.org/wiki/File:Browser_Wars.svg}},
  key = {Netscape market share},
  owner = {Administrator},
  timestamp = {2011.05.17}
}

@MANUAL{microsoftpcode,
  title = {Wikipedia's article About Microsoft P-Code [online]},
  address = {Available:\url{http://en.wikipedia.org/wiki/Microsoft_P-Code}},
  url = {\url{http://en.wikipedia.org/wiki/Microsoft_P-Code}},
  key = {Microsoft P-Code},
  owner = {Administrator},
  timestamp = {2011.05.17}
}

@comment{jabref-meta: selector_publisher:}

@comment{jabref-meta: selector_author:}

@comment{jabref-meta: selector_journal:}

@comment{jabref-meta: selector_keywords:}

